@book{Alfonso1807,
	author    = {{Alfonso el Sabio}},
	title     = {Las siete partidas del Rey Don Alfonso el Sabio},
	volume    = {II},
	year      = {1807},
	publisher = {Real Academia de la Historia (RAH)},
	url       = {https://www.cervantesvirtual.com/nd/ark:/59851/bmcf1903}
}

@book{Aquino1959,
	author    = {Tomás de Aquino},
	title     = {Suma Teológica},
	volume    = {III},
	edition    = {2},
	year      = {1959},
	publisher = {Biblioteca de Autores Cristianos}
}

@book{Beltrán1991,
	author    = {Vincenç Beltrán},
	title     = {Coplas que hizo Jorge Manrique a la muerte de su padre: edición crítica con un estudio de su transmisión textual},
	year      = {1991},
	publisher = {Promociones y Publicaciones Universitarias},
	address   = {Barcelona}
}

@article{Beltrán2011,
	author    = {Vincenç Beltrán},
	title     = {Notas al cancionero Ms. Egerton 939 (LB3)},
	journal = {Ogni onda si rinnova: studi di ispanistica offerti a Giovanni Caravaggi},
	volume    = {1},
	pages     = {159--175},
	year      = {2011}
}

@book{Beltrán2013,
	author    = {Vincenç Beltrán},
	title     = {Jorge Manrique: Poesía},
	year      = {2013},
	publisher = {Biblioteca Clásica de la Real Academia Española (RAE)},
}

@article{Beltrán2016,
	author  = {Vincenç Beltrán},
	title   = {Los sentidos humanos ¿conservados u olvidados?},
	journal = {Revista de Lexicografía},
	volume  = {22},
	pages   = {73--92},
	year    = {2016}
}

@book{Blecua1983,
	author    = {Alberto Blecua},
	title     = {Manual de Crítica Textual},
	year      = {1983},
	publisher = {Editorial Castalia}
}

@book{Covarrubias1611,
	author    = {Sebasti�n de Covarrubias Orozco},
	shortauthor = {Covarrubias},
	title     = {Tesoro de la lengua castellana},
	year      = {1611}
}

@article{Conde2009,
	author  = {J. C. Conde},
	title   = {Conservados/olvidados: una copla de Manrique y los límites del método neolachmaniano},
	journal = {INCIPIT},
	volume  = {XXIX},
	pages   = {59--84},
	year    = {2009}
}

@book{CorominasYPascual1980-1991,
	author    = {J. Corominas and J. A. Pascual},
	title     = {Diccionario crítico etimológico castellano e hispánico},
 note = {= DCECH},
	volume  = {1--6},
	year      = {1980--1991},
	publisher = {Gredos}
}

@book{Foulché-Delbosc1902,
	author    = {R. Foulché-Delbosc},
	title     = {Jorge Manrrique: Coplas por la muerte de su padre},
	note    = {1ª edición crítica}, 
	year      = {1902},
	publisher = {Protat Hermanos},
}

@book{Foulché-Delbosc1912,
	author    = {R. {Foulché-Delbosc}},
	title     = {Coplas que fizo don Jorge Manrique por la muerte de su padre},
	year      = {1912},
	address   = {Madrid}
}

@article{Gonzalez2019,
	author  = {J. R. González},
	title   = {La adiáfora conservados/olvidados en las Coplas de Jorge Manrique a la luz de la doctrina medieval de los diez sentidos del alma},
	journal = {INCIPIT},
	volume  = {XXXIX},
	pages   = {37--63},
	year    = {2019}
}

@book{GrupdHistoria,
	author    = {{Grupd'historia i contacte de llengües}},
	title     = {Diccionari del castellà del segle XV a la Corona d' Aragó},
 note = {= DICCA-XV},
	publisher = {Universitat de Barcelona},
	url       = {http://ghcl.ub.edu/diccaxv/}
}

@article{Lida1947,
	author  = {M. R. Lida},
	title   = {Civil "Cruel"},
	journal = {Nueva Revista de Filología Hispánica},
	volume  = {1},
	number  = {1},
	pages   = {80--85},
	year    = {1947}
}

@book{Maas1958,
	author     = {P. Maas},
	title      = {Textual Criticism},
	year       = {1958},
	translator = {Barbara Flower},
	publisher  = {Clarendon Press},
}

@book{Mena2009,
	author    = {Juan de {Mena}},
	title     = {La coronación},
	editor    = {Maximiliaan P. A. M. Kerkhof},
	year      = {2009},
	publisher = {Consejo Superior de Investigaciones Científicas (CSIC)}
}

@book{MenendezYPelayo1944,
	author    = {R. {Menéndez y Pelayo}},
	title     = {Antolog{\'\i}a de poetas l{\'\i}ricos castellanos. La poesía en la Edad Media},
	volume    = {I},
	note      = {t. II},
	year      = {1944},
	publisher = {Consejo Superior de Investigaciones Científicas (CSIC)},
	url       = {https://www.cervantesvirtual.com/nd/ark:/59851/bmc2v2z6}
}

@article{Navarro1961,
	author  = {T. Navarro},
	title   = {M{\'e}trica de las Coplas de Jorge Manrique},
	journal = {Nueva Revista de Filolog{\'\i}a Hisp{\'a}nica},
 volume = {15},
 number = {1/2},
 pages = {169--179},
	year    = {1961},
 url = {http://www.jstor.org/stable/40297520}
}

@article{Orduna1967,
	author  = {G. Orduna},
	title   = {Las Coplas de Jorge Manrique y el triunfo sobre la muerte: estructura e intencionalidad},
	journal = {Romanische Forschungen},
	volume  = {79},
	number  = {1/2},
	pages   = {139--151},
	year    = {1967}
}

@book{Orduna2005,
	author    = {G. Orduna},
	title     = {Fundamentos de Cr{\'\i}tica Textual},
	editor    = {Leonardo Funes and Jos{\'e} Manuel Luc{\'\i}a Meg{\'\i}as},
	year      = {2005},
	publisher = {Editorial Arco/Libros}
}

@article{Palumbo1983,
	author  = {P. Palumbo},
	title   = {L'ordine delle strofe nelle Coplas por la muerte de su padre di Jorge Manrique},
	journal = {Medioevo Romanzo},
	volume  = {VIII},
	pages   = {193--215},
	year    = {1983}
}

@article{PérezPriego2017,
	author  = {M. {\'A} {Pérez Priego}},
	title   = {Para la edici{\'o}n de las Coplas de Jorge Manrique: stemma y selecci{\'o}n de variantes},
	journal = {Revista de Filolog{\'\i}a Espa{\~n}ola},
	volume  = {XCVII},
	pages   = {91--111},
	year    = {2017}
}

@book{PérezPriego1990,
	author    = {M. {\'A} {Pérez Priego}},
	title     = {Jorge Manrique: Poes{\'\i}as Completas},
	year      = {1990},
	publisher = {Espasa Calpe},
	address   = {Madrid},
	series    = {Colecci{\'o}n Austral}
}

@book{PérezPriego2011,
	author    = {M. {\'A} {Pérez Priego}},
	title     = {La edici{\'o}n de textos},
	edition   = {2},
	year      = {2011},
	publisher = {Editorial S{\'\i}ntesis}
}

@book{Pulgar1943,
	author    = {Fernando del {Pulgar}},
	title     = {Cr{\'o}nica de los reyes Cat{\'o}licos},
	editor    = {J. M. Carriazo},
	year      = {1943},
	publisher = {Espasa Calpe},
	address   = {Madrid},
	volume    = {1--2}
}

@book{Pulgar1971,
	author    = {Fernando del {Pulgar}},
	title     = {Claros varones de Castilla},
	editor    = {R. Brian Tate},
	year      = {1971},
	publisher = {Clarendon Press}
}

@article{Quilis2009,
	author  = {M.a J. Quilis},
	title   = {Estudio metrico-ling{\'u}istico de las Coplas a la muerte de su padre de Jorge Manrique},
	journal = {Rythmica},
	volume  = {VII},
	year    = {2009}
}

@book{RAE1726,
	author    = {{Real Academia Espa{\~n}ola}},
	title     = {Diccionario de autoridades},
	year      = {1726--1739},
 note = {= Autoridades},
	address   = {Madrid}
}

@book{Severin1990,
	author    = {Dorothy Sherman Severin},
	title     = {El Cancionero de O{\~{n}}ate-Casta{\~{n}}eda},
	year      = {1990},
	publisher = {The Hispanic Seminary of Medieval Studies},
	address   = {Madison}
}

@book{Severin2000,
	author    = {Dorothy Sherman Severin},
	title     = {Two Spanish Songbooks: The Cancionero Capitular de la Colombina (SV2) and the Cancionero de Egerton (LB3)},
	year      = {2000},
	publisher = {Liverpool University Press}
}

@article{Senabre1983,
	author  = {R. Senabre},
	title   = {La primera edici{\'o}n de las Coplas de Jorge Manrique},
	journal = {Serta Philologia F. L{\'a}zaro Carreter},
	volume  = {II},
	pages   = {509--517},
	year    = {1983},
}
